
@article{PhysRevD.80.075018,
  title = {New fixed-target experiments to search for dark gauge forces},
  author = {Bjorken, James D. and Essig, Rouven and Schuster, Philip and Toro, Natalia},
  journal = {Phys. Rev. D},
  volume = {80},
  issue = {7},
  pages = {075018},
  numpages = {20},
  year = {2009},
  month = {Oct},
  publisher = {American Physical Society},
  doi = {10.1103/PhysRevD.80.075018},
  url = {http://link.aps.org/doi/10.1103/PhysRevD.80.075018}
}

@article{PhysRevD.34.1326,
  title = {Axion bremsstrahlung by an electron beam},
  author = {Tsai, Yung Su},
  journal = {Phys. Rev. D},
  volume = {34},
  issue = {5},
  pages = {1326--1331},
  numpages = {0},
  year = {1986},
  month = {Sep},
  publisher = {American Physical Society},
  doi = {10.1103/PhysRevD.34.1326},
  url = {http://link.aps.org/doi/10.1103/PhysRevD.34.1326}
}

@article{french2001design,
  title={Design and results from the APV25, a deep sub-micron CMOS front-end chip for the CMS tracker},
  author={French, MJ and Jones, LL and Morrissey, Q and Neviani, A and Turchetta, R and Fulcher, J and Hall, G and Noah, E and Raymond, M and Cervelli, G and others},
  journal={Nuclear Instruments and Methods in Physics Research Section A: Accelerators, Spectrometers, Detectors and Associated Equipment},
  volume={466},
  number={2},
  pages={359--365},
  year={2001},
  publisher={Elsevier}
}

@article{pac.2007.4440339,
    author={Cardman, L.S. and Harwood, L. and Jefferson, T.},
    title={The JLAB 12 GEV energy upgrade of CEBAF for QCD and hadronic physics},
    journal={Particle Accelerator Conference, 2007. PAC. IEEE},
    year={2007},
    pages={58-62},
    doi={10.1109/PAC.2007.4440339}
}

@article{APL.2004.85.13,
   title = "Systematic study of polarized electron emission from strained GaAsâˆ•GaAsP superlattice photocathodes",
   author = "Maruyama, T. and Luh, D.-A. and Brachmann, A. and Clendenin, J. E. and Garwin, E. L. and Harvey, S. and Jiang, J. and Kirby, R. E. and Prescott, C. Y. and Prepost, R. and Moy, A. M.",
   journal = "Applied Physics Letters",
   year = "2004",
   volume = "85",
   number = "13", 
   pages = "2640-2642",
   doi = "http://dx.doi.org/10.1063/1.1795358" 
}

@article{kazimi2013source,
  title={Source and Extraction for Simultaneous Four-Hall Beam Delivery System at CEBAF},
  author={Kazimi, Reza and Wang, Haipeng and Spata, Mike F and Hansknecht, John C},
  journal={Thomas Jefferson National Accelerator Facility, Newport News, VA (United States), JLAB-ACO--13-1747},
  pages={23177--2670},
  year={2013}
}
